@inproceedings{CITATION,
		Author     =  {Applicant, The and Student, Some and Supervisor, Some},
		Title      =  {The Best Paper that Has Ever Been Written},
		Booktitle =   {Proceedings of the 100th International Conference on Things and Stuff ({ICTS} 2023)},
		Year       =  {2023},
		Publisher  =  {AAAI Press},
		doi  =  {10.1000/confe.a00a0.00000}
}

